<?xml version="1.0" encoding="UTF-8"?><collection xmlns="http://www.loc.gov/MARC21/slim"><record><leader>00518nam--2200181-i-4500</leader><controlfield tag="001">000028532</controlfield><controlfield tag="002">20161230</controlfield><controlfield tag="005">20161230201037</controlfield><controlfield tag="008">060222s1000------------r-----000-0-fre-d</controlfield><datafield ind1=" " ind2=" " tag="040"><subfield code="a">IFIN-HH</subfield></datafield><datafield ind1=" " ind2=" " tag="041"><subfield code="a">fre</subfield></datafield><datafield ind1=" " ind2=" " tag="080"><subfield code="a">523:523.3(043)</subfield></datafield><datafield ind1="1" ind2=" " tag="100"><subfield code="a">Langevin, Yves Jacques Henri</subfield></datafield><datafield ind1="1" ind2="0" tag="245"><subfield code="a">Etude de l`evolution de la surface des petits corps du systeme solaire</subfield><subfield code="b">These</subfield><subfield code="c">Yves jacques henri langevin</subfield></datafield><datafield ind1=" " ind2=" " tag="260"><subfield code="a">Paris</subfield><subfield code="b">Universite</subfield><subfield code="c">1978</subfield></datafield><datafield ind1=" " ind2=" " tag="300"><subfield code="a">198P</subfield></datafield><datafield ind1=" " ind2=" " tag="852"><subfield code="a">48444</subfield><subfield code="c">523</subfield></datafield><datafield ind1=" " ind2=" " tag="CAT"><subfield code="a">Sys</subfield><subfield code="c">20141203</subfield><subfield code="h">182935</subfield></datafield></record></collection>